
@book{hartle2003gravity,
  title={Gravity: An Introduction to Einstein's General Relativity},
  author={Hartle, J.B.},
  isbn={9780805386622},
  lccn={2002151118},
  url={https://books.google.com/books?id=ZHgpAQAAMAAJ},
  year={2003},
  publisher={Addison-Wesley}
}

@Book{abramowitz+stegun,
 author    = "Milton {Abramowitz} and Irene A. {Stegun}",
 title     = "Handbook of Mathematical Functions with
              Formulas, Graphs, and Mathematical Tables",
 publisher = "Dover",
 year      =  1964,
 address   = "New York",
 edition   = "ninth Dover printing, tenth GPO printing"
}

@Book{hicks2001,
 author    = "von Hicks, III, Michael",
 title     = "Design of a Carbon Fiber Composite Grid Structure for the GLAST
              Spacecraft Using a Novel Manufacturing Technique",
 publisher = "Stanford Press",
 year      =  2001,
 address   = "Palo Alto",
 edition   = "1st",
}
 
@Book{Torre2008,
 author    = "Joe Torre and Tom Verducci",
 publisher = "Doubleday",
 title     = "The Yankee Years",
 year      =  2008,
}