
@ARTICLE{voigt2012,
  author={Andr√©s Alejandro Plazas and Gary Bernstein},
   %author = {Voigt, L.~M. and Bridle, S.~L. and Amara, A. and Cropper, M. and
        %Kitching, T.~D. and {Massey}, R. and {Rhodes}, J. and {Schrabback}, T.
        %},
    title = "{The impact of galaxy colour gradients on cosmic shear measurement}",
  journal = {\mnras},
archivePrefix = "arXiv",
   eprint = {1105.5595},
 keywords = {gravitational lensing: weak, cosmology: observations, large scale structure of Universe},
     year = 2012,
    month = apr,
   volume = 421,
    pages = {1385-1398},
      doi = {10.1111/j.1365-2966.2011.20395.x},
   adsurl = {http://adsabs.harvard.edu/abs/2012MNRAS.421.1385V},
  adsnote = {Provided by the SAO/NASA Astrophysics Data System}
}

