@BOOKLET{Doe:2009:Booklet,
title = {This is a test entry of type {@BOOKLET}},
author = {Doe, John},
month = jun,
year = {2009},
url = {http://www.test.org/doe/}
}

@MISC{Doe:2009:Misc,
author = {Doe, Paul},
title = {This is a test test entry of type {@MISC}},
month = jun,
year = {2009},
url = {http://www.test.org/doe/}
}

@OTHER{Doe:2009:Other,
author = {Doe, Brian},
title = {This is a test entry of type {@OTHER}},
month = jun,
year = {2009},
url = {http://www.test.org/doe/}
}

@book{hartle2003gravity,
  title={Gravity: An Introduction to Einstein's General Relativity},
  author={Hartle, J.B.},
  isbn={9780805386622},
  lccn={2002151118},
  url={https://books.google.com/books?id=ZHgpAQAAMAAJ},
  year={2003},
  publisher={Addison-Wesley}
}